1CClientBankExchange
ВерсияФормата=1.02
Кодировка=Windows
Отправитель=Банк Клиент Онлайн
Получатель=1С:Предприятие
ДатаСоздания=01.01.2015
ВремяСоздания=23:59:00
СекцияРасчСчет
ДатаНачала=01.01.2014
ДатаКонца=01.01.2015
РасчСчет=40000000000000000000
НачальныйОстаток=100.00
ВсегоПоступило=10.90
ВсегоСписано=3.15
КонечныйОстаток=107.75
КонецРасчСчет
СекцияДокумент=Платежное поручение
Номер=1
Дата=01.01.2015
Сумма=1000.00
КвитанцияДата=01.01.2015
КвитанцияВремя=00:00:00
КвитанцияСодержание=статус документа: Внешний
ПлательщикСчет=40000000000000000001
ПлательщикИНН=000000000001
Плательщик1=Иван Иванович Иванов
ПлательщикРасчСчет=00000000000000000001
ПлательщикБанк1=ОАО АКБ БАНК
ПлательщикБанк2=Г МОСКВА
ПлательщикБИК=000000001
ПлательщикКорсчет=00000000000000000001
ПолучательСчет=40000000000000000004
ДатаПоступило=01.01.2015
ПолучательИНН=0000000000
Получатель1=ООО ПОЛУЧАТЕЛЬ
ПолучательРасчСчет=40000000000000000001
ПолучательБанк1=ОАО АКБ БАНК
ПолучательБанк2=Г МОСКВА
ПолучательБИК=000000001
ПолучательКорсчет=00000000000000000001
ВидПлатежа=
ВидОплаты=01
Очередность=5
НазначениеПлатежа=ПЛАТЕЖ, НДС не облагается
ПлательщикКПП=
ПолучательКПП=
КонецДокумента
СекцияДокумент=Платежное поручение
Номер=2
Дата=02.02.2015
Сумма=2000.00
КвитанцияДата=02.02.2015
КвитанцияВремя=00:00:00
КвитанцияСодержание=статус документа: Внешний
ПлательщикСчет=40000000000000000002
ПлательщикИНН=000000000002
Плательщик1=Иван Иванович Иванов
ПлательщикРасчСчет=40000000000000000001
ПлательщикБанк1=ОАО АКБ БАНК
ПлательщикБанк2=Г МОСКВА
ПлательщикБИК=000000001
ПлательщикКорсчет=00000000000000000001
ПолучательСчет=40000000000000000000
ДатаПоступило=01.01.2015
ПолучательИНН=0000000000
Получатель1=ООО ПОЛУЧАТЕЛЬ
ПолучательРасчСчет=00000000000000000001
ПолучательБанк1=ОАО АКБ БАНК
ПолучательБанк2=Г МОСКВА
ПолучательБИК=000000001
ПолучательКорсчет=00000000000000000001
ВидПлатежа=
ВидОплаты=01
Очередность=5
НазначениеПлатежа=ПЛАТЕЖ, НДС не облагается
ПлательщикКПП=
ПолучательКПП=
КонецДокумента
КонецФайла
